@article{lonergan09,
  title={The effects of interpolation error and location quality on animal track reconstruction},
  author={Lonergan, Mike and Fedak, Mike and McConnell, Bernie},
  journal={Marine Mammal Science},
  volume={25},
  number={2},
  pages={275--282},
  year={2009}
}
@article{kalmanJBE60,
  title={A new approach to linear filtering and prediction problems},
  author={Kalman, Rudolph Emil and others},
  journal={Journal of basic engineering},
  volume={82},
  number={1},
  pages={35--45},
  year={1960}
}
@article{kobayashiITIE98,
  title={Accurate differential global positioning system via fuzzy logic kalman filter sensor fusion technique},
  author={Kobayashi, Kazuyuki and Cheok, Ka C and Watanabe, Kajiro and Munekata, Fumio},
  journal={IEEE Transactions on Industrial Electronics},
  volume={45},
  number={3},
  pages={510--518},
  year={1998}
}
@inproceedings{brakatsoulasVLDB05,
  title={On map-matching vehicle tracking data},
  author={Brakatsoulas, Sotiris and Pfoser, Dieter and Salas, Randall and Wenk, Carola},
  booktitle={Very Large Data bases ({VLDB})},
  pages={853--864},
  year={2005}
}
@article{liJG15,
  title={Accuracy and reliability of multi-GNSS real-time precise positioning: GPS, GLONASS, BeiDou, and Galileo},
  author={Li, Xingxing and Ge, Maorong and Dai, Xiaolei and Ren, Xiaodong and Fritsche, Mathias and Wickert, Jens and Schuh, Harald},
  journal={Journal of Geodesy},
  volume={89},
  number={6},
  pages={607--635},
  year={2015}
}
@inproceedings{burgardNCAI96,
    title={Estimating the absolute position of a mobile robot using position probability grids},
    author={Burgard, Wolfram and Fox, Dieter and Hennig, Daniel and Schmidt, Timo},
    booktitle={Proceedings of the national conference on artificial intelligence},
    pages={896--901},
    year={1996},
    organization={Citeseer}
}
@misc{gpsGov,
    title = {{GPS.gov}},
    howpublished = {\url{http://www.gps.gov}},
    note = {Accessed: 2017-04-08}
}
@article{moravecAIM88,
    title={Sensor fusion in certainty grids for mobile robots},
    author={Moravec, Hans P},
    journal={AI magazine},
    volume={9},
    number={2},
    pages={61},
    year={1988}
}
